<record xmlns="http://www.loc.gov/MARC21/slim" xmlns:xsi="http://www.w3.org/2001/XMLSchema-instance" xsi:schemaLocation="http://www.loc.gov/MARC21/slim http://www.loc.gov/standards/marcxml/schema/MARC21slim.xsd"><leader>02851nam a2200493   4500</leader><controlfield tag="001">002739439</controlfield><controlfield tag="003">NNU</controlfield><controlfield tag="006">m        d        </controlfield><controlfield tag="007">cr cn |||m|||a</controlfield><controlfield tag="008">150223s1939    ua      o     000 0 arard</controlfield><datafield ind1=" " ind2=" " tag="040"><subfield code="a">NNU</subfield><subfield code="b">eng</subfield><subfield code="e">rda</subfield><subfield code="c">NNU</subfield></datafield><datafield ind1=" " ind2="4" tag="050"><subfield code="a">PJ6161</subfield><subfield code="b">.S89 1939</subfield></datafield><datafield ind1="0" ind2=" " tag="100"><subfield code="6">880-01</subfield><subfield code="a">Suyu&#772;t&#803;i&#772;,</subfield><subfield code="d">1445-1505.</subfield></datafield><datafield ind1="1" ind2="0" tag="245"><subfield code="6">880-02</subfield><subfield code="a">Sharh&#803; &#699;uqu&#772;d al-juma&#772;n fi&#772; &#699;ilm al-ma&#699;a&#772;ni&#772; wa-al-baya&#772;n /</subfield><subfield code="c">ta&#700;li&#772;f Jala&#772;l al-Di&#772;n &#699;Abd al-Rah&#803;ma&#772;n al-Suyu&#772;t&#803;i&#772;. Wa-bi-hamishihi H&#803;ilyat al-lubb al-mas&#803;u&#772;n &#699;ala&#769; al-jawhar al-maknu&#772;n / Ah&#803;mad al-Damanhu&#772;ri&#772;.</subfield></datafield><datafield ind1="3" ind2=" " tag="246"><subfield code="6">880-03</subfield><subfield code="a">&#699;Uqu&#772;d al-juma&#772;n</subfield></datafield><datafield ind1="3" ind2=" " tag="246"><subfield code="6">880-04</subfield><subfield code="a">Jawa&#772;hir al-maknu&#772;n</subfield></datafield><datafield ind1="3" ind2=" " tag="246"><subfield code="6">880-05</subfield><subfield code="a">H&#803;ilyat al-lubb al-mas&#803;u&#772;n</subfield></datafield><datafield ind1=" " ind2=" " tag="260"><subfield code="6">880-06</subfield><subfield code="a">[al-Qa&#772;hirah] :</subfield><subfield code="b">Mat&#803;ba&#699;at Mus&#803;t&#803;afa&#769; al-Ba&#772;bi&#772; al-H&#803;alabi&#772;,</subfield><subfield code="c">1939.</subfield></datafield><datafield ind1=" " ind2=" " tag="300"><subfield code="a">online resource (180 pages)</subfield></datafield><datafield ind1=" " ind2=" " tag="336"><subfield code="a">text</subfield><subfield code="2">rdacontent</subfield></datafield><datafield ind1=" " ind2=" " tag="337"><subfield code="a">computer</subfield><subfield code="2">rdamedia</subfield></datafield><datafield ind1=" " ind2=" " tag="338"><subfield code="a">online resource</subfield><subfield code="2">rdacarrier</subfield></datafield><datafield ind1=" " ind2=" " tag="500"><subfield code="a">Part of the Arabic Collections Online (ACO) project, contributed by New York Univeristy Libraries.</subfield></datafield><datafield ind1=" " ind2=" " tag="533"><subfield code="a">Electronic reproduction.</subfield><subfield code="b">New York, N.Y. :</subfield><subfield code="c">New York University,</subfield><subfield code="d">2015.</subfield><subfield code="5">NNU</subfield></datafield><datafield ind1=" " ind2="0" tag="650"><subfield code="a">Arabic language</subfield><subfield code="x">Rhetoric.</subfield></datafield><datafield ind1=" " ind2="7" tag="650"><subfield code="a">Arabic language</subfield><subfield code="x">Rhetoric.</subfield><subfield code="2">fast</subfield><subfield code="0">(OCoLC)fst00812415</subfield></datafield><datafield ind1="0" ind2=" " tag="700"><subfield code="6">880-07</subfield><subfield code="a">Suyu&#772;t&#803;i&#772;,</subfield><subfield code="d">1445-1505.</subfield><subfield code="t">&#699;Uqu&#772;d al-juma&#772;n.</subfield></datafield><datafield ind1="1" ind2=" " tag="700"><subfield code="6">880-08</subfield><subfield code="a">Akhd&#803;a&#772;ri&#772;, &#699;Abd al-Rah&#803;ma&#772;n ibn Muh&#803;ammad,</subfield><subfield code="d">active 1543.</subfield><subfield code="t">Jawhar al-maknu&#772;n.</subfield></datafield><datafield ind1="1" ind2=" " tag="700"><subfield code="6">880-09</subfield><subfield code="a">Damanhu&#772;ri&#772;, Ah&#803;mad ibn &#699;Abd al-Mun&#699;im.</subfield><subfield code="t">H&#803;ilyat al-lubb al-mas&#803;u&#772;n.</subfield></datafield><datafield ind1="2" ind2=" " tag="710"><subfield code="a">New York University.</subfield><subfield code="b">Libraries.</subfield></datafield><datafield ind1="0" ind2=" " tag="730"><subfield code="a">Arabic Collections Online.</subfield></datafield><datafield ind1="0" ind2="8" tag="776"><subfield code="i">Print version:</subfield><subfield code="a">Suyu&#772;t&#803;i&#772;, 1445-1505.</subfield><subfield code="t">Sharh&#803; &#699;uqu&#772;d al-juma&#772;n fi&#772; &#699;ilm al-ma&#699;a&#772;ni&#772; wa-al-baya&#772;n</subfield><subfield code="w">(NNU)002739439</subfield><subfield code="w">(DLC)   82960216</subfield></datafield><datafield ind1="4" ind2="0" tag="856"><subfield code="u">http://hdl.handle.net/2333.1/ns1rnbjk</subfield></datafield><datafield ind1="1" ind2=" " tag="880"><subfield code="6">100-01/</subfield><subfield code="a">&#1587;&#1610;&#1608;&#1591;&#1609;&#1548;</subfield><subfield code="d">1505-1445.</subfield></datafield><datafield ind1="1" ind2="0" tag="880"><subfield code="6">245-02/</subfield><subfield code="a">&#1588;&#1585;&#1581; &#1593;&#1602;&#1608;&#1583; &#1575;&#1604;&#1580;&#1605;&#1575;&#1606; &#1601;&#1609; &#1593;&#1604;&#1605; &#1575;&#1604;&#1605;&#1593;&#1575;&#1606;&#1609; &#1608;&#1575;&#1604;&#1576;&#1610;&#1575;&#1606; /</subfield><subfield code="c">&#1578;&#1571;&#1604;&#1610;&#1601; &#1580;&#1604;&#1575;&#1604; &#1575;&#1604;&#1583;&#1610;&#1606; &#1593;&#1576;&#1583;&#1575;&#1604;&#1585;&#1581;&#1605;&#1606; &#1575;&#1604;&#1587;&#1610;&#1608;&#1591;&#1609;. &#1608;&#1576;&#1607;&#1575;&#1605;&#1588;&#1607; &#1581;&#1604;&#1610;&#1577; &#1575;&#1604;&#1604;&#1576; &#1575;&#1604;&#1605;&#1589;&#1608;&#1606; &#1593;&#1604;&#1609; &#1575;&#1604;&#1580;&#1608;&#1607;&#1585; &#1575;&#1604;&#1605;&#1603;&#1606;&#1608;&#1606; / &#1571;&#1581;&#1605;&#1583; &#1575;&#1604;&#1583;&#1605;&#1606;&#1607;&#1608;&#1585;&#1609;.</subfield></datafield><datafield ind1="3" ind2=" " tag="880"><subfield code="6">246-03/</subfield><subfield code="a">&#1593;&#1602;&#1608;&#1583; &#1575;&#1604;&#1580;&#1605;&#1575;&#1606;</subfield></datafield><datafield ind1="3" ind2=" " tag="880"><subfield code="6">246-04/</subfield><subfield code="a">&#1580;&#1608;&#1575;&#1607;&#1585; &#1575;&#1604;&#1605;&#1603;&#1606;&#1608;&#1606;</subfield></datafield><datafield ind1="3" ind2=" " tag="880"><subfield code="6">246-05/</subfield><subfield code="a">&#1581;&#1604;&#1610;&#1577; &#1575;&#1604;&#1604;&#1576; &#1575;&#1604;&#1605;&#1589;&#1608;&#1606;</subfield></datafield><datafield ind1=" " ind2=" " tag="880"><subfield code="6">260-06/</subfield><subfield code="a">[&#1575;&#1604;&#1602;&#1575;&#1607;&#1585;&#1577;] :</subfield><subfield code="b">&#1605;&#1591;&#1576;&#1593;&#1577; &#1605;&#1589;&#1591;&#1601;&#1609; &#1575;&#1604;&#1576;&#1575;&#1576;&#1610; &#1575;&#1604;&#1581;&#1604;&#1576;&#1610;&#1548;</subfield><subfield code="c">1939.</subfield></datafield><datafield ind1="1" ind2="2" tag="880"><subfield code="6">700-07/</subfield><subfield code="a">&#1587;&#1610;&#1608;&#1591;&#1609;&#1548;</subfield><subfield code="d">1505-1445.</subfield><subfield code="t">&#1593;&#1602;&#1608;&#1583; &#1575;&#1604;&#1580;&#1605;&#1575;&#1606;.</subfield></datafield><datafield ind1="1" ind2="2" tag="880"><subfield code="6">700-08/</subfield><subfield code="a">&#1571;&#1582;&#1590;&#1585;&#1609;&#1548; &#1593;&#1576;&#1583;&#1575;&#1604;&#1585;&#1581;&#1605;&#1606; &#1576;&#1606; &#1605;&#1581;&#1605;&#1583;&#1548;</subfield><subfield code="d">active 1543.</subfield><subfield code="t">&#1580;&#1608;&#1607;&#1585; &#1575;&#1604;&#1605;&#1603;&#1606;&#1608;&#1606;.</subfield></datafield><datafield ind1="1" ind2=" " tag="880"><subfield code="6">700-09/</subfield><subfield code="a">&#1583;&#1605;&#1606;&#1607;&#1608;&#1585;&#1610;&#1548; &#1575;&#1581;&#1605;&#1583; &#1576;&#1606; &#1593;&#1576;&#1583; &#1575;&#1604;&#1605;&#1606;&#1593;&#1605;.</subfield><subfield code="t">&#1581;&#1604;&#1610;&#1577; &#1575;&#1604;&#1604;&#1576; &#1575;&#1604;&#1605;&#1589;&#1608;&#1606;.</subfield></datafield><datafield ind1=" " ind2=" " tag="959"><subfield code="a">NNU</subfield><subfield code="b">WEB</subfield><subfield code="c">GENI</subfield><subfield code="t">0</subfield><subfield code="m">Electronic access</subfield><subfield code="s">01</subfield></datafield><datafield ind1=" " ind2=" " tag="999"><subfield code="i">NNU_002739439</subfield><subfield code="s">nyu_aco000251</subfield></datafield></record>